<?xml version="1.0" encoding="UTF-8"?><collection xmlns="http://www.loc.gov/MARC21/slim"><record><leader>00484nam--2200181-u-4500</leader><controlfield tag="001">000054958</controlfield><controlfield tag="002">20161230</controlfield><controlfield tag="005">20161230201051</controlfield><controlfield tag="008">120711s1000------------r-----000-0-rus-d</controlfield><datafield ind1=" " ind2=" " tag="040"><subfield code="a">IFIN-HH</subfield></datafield><datafield ind1=" " ind2=" " tag="041"><subfield code="a">rus</subfield></datafield><datafield ind1=" " ind2=" " tag="080"><subfield code="a">539.186.2</subfield></datafield><datafield ind1="1" ind2=" " tag="100"><subfield code="a">Simon, L.L</subfield></datafield><datafield ind1="1" ind2="0" tag="245"><subfield code="a">Effektivnie secenia vozbujdenia i ionizatii atomov redkozemelnih elementov</subfield><subfield code="c">L.l. simon</subfield></datafield><datafield ind1=" " ind2=" " tag="260"><subfield code="a">Moskva</subfield><subfield code="b">Energoatomizdat</subfield><subfield code="c">1994</subfield></datafield><datafield ind1=" " ind2=" " tag="300"><subfield code="a">144P</subfield></datafield><datafield ind1=" " ind2=" " tag="852"><subfield code="a">80482</subfield><subfield code="c">539.18</subfield></datafield><datafield ind1=" " ind2=" " tag="CAT"><subfield code="a">Sys</subfield><subfield code="c">20120711</subfield><subfield code="h">172555</subfield></datafield></record></collection>